2625 4217
918 146 1303 267 'sunm
1359 200 1547 266 xlv.
2149 219 2267 284 157

276 356 530 418 Acribus
571 355 852 434 exemplis
886 355 1095 418 videor
1132 367 1192 417 te
1232 357 1521 418 claudere.
1606 356 1799 417 Misce

198 462 357 538 Ergo
394 456 618 537 aliquid
655 457 867 520 nostris
908 460 986 520 de
1023 459 1313 522 moribus:
1368 459 1534 520 effice
1573 478 1878 530 summam,

197 561 299 622 Bis
339 571 566 639 septem
604 559 904 622 ordinibus
945 581 1123 638 quam
1161 563 1258 623 lex
1297 561 1570 640 dignatur
1608 561 1878 622 Othonis,

196 668 373 726 Haec
412 684 648 742 quoque
686 663 738 724 si
775 684 976 744 rugam
1016 665 1190 726 trahit
1230 663 1612 742 extenditque
1652 664 1958 725 labellum:
2147 685 2220 742 3²
2229 683 2259 742 5

191 769 375 828 Sume
413 767 563 828 duos
606 765 869 844 Equites,
908 769 1002 827 fac
1043 766 1213 828 tertia
1250 767 1690 845 quadringenta.

190 873 260 935 Si
296 874 564 935 nondum
600 872 840 951 implevi
876 873 1172 951 gremium,
1216 873 1266 933 si
1304 873 1580 952 panditur
1616 874 1791 934 ultra:

194 979 334 1038 Nec
371 975 577 1038 Croesi
614 977 845 1036 fortuna
880 995 1155 1054 unquam,
1196 995 1310 1036 nec
1351 975 1585 1038 Persica
1621 995 1800 1054 regna

192 1079 497 1141 Sufficient
534 1079 749 1154 animo,
790 1098 903 1141 nec
942 1079 1179 1142 divitiae
1221 1079 1497 1152 Narcissi,
1669 1142 1674 1151 ,

196 1183 455 1244 Indulsit
492 1184 710 1245 Caesar
746 1183 843 1244 cui
881 1183 1163 1246 Claudius
1203 1182 1418 1258 omnia,
1459 1184 1626 1260 cujus
2145 1203 2260 1260 330

198 1287 399 1349 Paruit
435 1287 706 1366 imperiis,
738 1304 988 1350 uxorem
1027 1287 1296 1350 occidere
1332 1277 1546 1366 jussus·

264 1480 327 1531 32
1346 1480 1443 1531 329
1467 1468 1716 1530 nuum]
1737 1467 1872 1518 Who
1884 1467 2029 1518 made
2041 1467 2262 1518 between

293 1467 447 1581 ‘J—ff
390 1538 472 1594 yet
492 1529 611 1580 thou
627 1529 795 1580 frown’
798 1537 859 1592 st,
884 1538 967 1596 yet
986 1531 1133 1596 hang'
1134 1538 1181 1582 st
1282 1529 1528 1592 8020001.
1556 1533 1657 1581 and
1677 1545 1790 1593 900,
1789 1533 1923 1582 oool.

394 1595 479 1644 the
499 1594 585 1658 lip,
607 1594 727 1644 then
744 1595 810 1646 be
1348 1597 1595 1708 3ffi11He
1632 1597 1840 1646 ordered
1879 1597 1986 1646 the
2007 1596 2263 1646 execution

329 1659 405 1708 As
426 1658 530 1706 rich
550 1673 604 1706 as
623 1665 723 1708 two
740 1657 971 1746 knights;
1000 1657 1044 1708 is
1058 1659 1181 1708 thou
1280 1659 1341 1709 of
1445 1660 1667 1720 essalina,
1714 1661 1838 1709 aster
1880 1659 2115 1710 Claudius
2163 1660 2263 1709 had

396 1722 514 1782 wilt,
542 1737 596 1772 as
616 1721 785 1773 three.'
787 1721 1159 1788 '—·(Holyday.)
1281 1723 1530 1788 promised
1549 1724 1639 1775 her
1658 1739 1725 1774 an
1743 1724 2013 1774 interview.
