2625 4217
966 173 1324 247 SATIRA
1384 182 1569 247 XIV.
1596 176 1614 250 ’.
1643 210 1650 230 1

2175 198 2290 263 153

227 338 563 401 Curriculo:
616 358 791 417 quem
832 338 882 399 si
910 330 1175 411 'revoces
1217 338 1528 400 subsistere
1567 340 1770 413 nescit,

226 444 313 504 Et
352 453 417 503 te
450 453 747 504 contemto
784 442 1002 521 rapitur
1038 444 1326 519 metisque
1365 442 1596 505 relictis.

214 536 433 609 'Nemo
471 548 609 609 satis
647 548 831 609 credit
868 539 1095 607 tanturn
1135 548 1488 625 delinquere,
1534 559 1816 625 quantum

228 648 565 711 Permittas:
618 652 769 710 adeo
809 648 1113 727 indulgent
1151 647 1263 708 sibi
1301 649 1475 709 latius·
1510 650 1641 727 ipsi.
1669 710 1676 717 ,

230 754 434 829 Quum
472 754 618 815 dicis
653 754 867 831 juveni,
911 756 1149 814 stultum
1189 752 1291 830 q'ui
1330 755 1514 813 donet
1551 753 1758 826 amico,
1817 798 1824 803 .
1867 806 1870 809 Δ

2177 774 2288 833 235

230 851 355 930 Qu'i
393 866 788 933 paupertatem
825 859 983 917 levet
1018 857 1362 932 attollatque
1399 856 1708 933 propinqui
1717 877 1741 931 ;

229 964 312 1022 Et
350 962 596 1039 spoliare
634 964 817 1023 doces
854 972 917 1023 et
952 960 1420 1021 circumscribere
1459 971 1518 1021 et
1556 959 1720 1020 omni

231 1066 492 1129 Crimine
530 1066 757 1127 divitias
796 1066 1105 1144 acquirere,
1148 1084 1392 1142 quarum
1431 1082 1594 1125 amor
1631 1065 1694 1124 in
1733 1075 1812 1138 te,

232 1170 501 1246 Quantus
540 1183 661 1232 erat
698 1170 915 1249 patriae
957 1169 1273 1230 Deciorum
1312 1168 1375 1228 in
1414 1179 1664 1246 pectore,
1711 1178 1993 1246 quantum
2033 1160 2043 1173 ’

230 1272 454 1332 Dilexit
491 1274 743 1346 Thebas„
786 1272 836 1332 si
876 1272 1121 1333 Graecia
1158 1292 1311 1345 vera,
1355 1275 1745 1333 Menoeceusz

2175 1288 2290 1341 240

230 1378 309 1434 In
346 1393 593 1451 quorum
632 1372 803 1433 sulcis
843 1373 1101 1451 legiones
1138 1374 1412 1435 dentibus
1452 1372 1656 1450 anguis

232 1480 387 1538 Cum
426 1477 642 1555 clypeis
680 1488 1009 1549 nascuntur,
1052 1486 1111 1536 et
1148 1458 1385 1537 horrida
1421 1458 1578 1535 bella
1615 1486 1930 1561 capessunt

232 1582 547 1654 Continuo,
590 1592 867 1658 tanquam
905 1591 967 1640 et
1004 1580 1240 1640 tubicen
1281 1580 1586 1641 surrexerit
1624 1601 1758 1642 una.

232 1688 389 1761 Ergo
429 1684 638 1761 ignem,
680 1686 847 1761 cujus
886 1674 1163 1744 scintillas
1201 1683 1328 1761 ipse
1368 1684 1604 1757 dedisti,

230 1790 281 1847 F
280 1789 597 1865 lagrantem
634 1788 751 1846 late
791 1797 850 1847 et
886 1786 1206 1862 rapientem
1245 1796 1457 1869 cuncta
1494 1784 1738 1846 videbis,

2133 1782 2284 1865 ‚245
2348 1790 2350 1792 ,

230 1894 364 1951 Nec
402 1889 508 1950 tibi
546 1900 811 1966 parcetur
846 1889 1073 1962 misero,
1114 1887 1521 1965 trepidumque
1559 1872 1896 1966 magistrum

230 1996 307 2053 In
346 2012 525 2052 cavea
564 2011 777 2069 magno
816 1991 1044 2051 fremitu
1084 1993 1178 2051 leo
1219 1992 1383 2050 tollet
1421 1992 1702 2051 alumnus.

307 2095 470 2154 Nota
506 2094 925 2155 mathematicis
962 2093 1191 2175 genesis
1230 2105 1356 2154 tua:
1411 2095 1516 2155 sed
1557 2114 1729 2171 grave
1770 2096 1966 2155 tardas

228 2198 582 2273 Exspectare
621 2199 799 2257 coluS.
883 2196 1151 2257 Morieris
1191 2198 1437 2258 stamine
1476 2200 1740 2259 nondum

224 2306 512 2380 Abrupto.
592 2306 726 2381 Jam
764 2324 922 2363 nunc
960 2306 1159 2365 obstas
1199 2316 1258 2364 et
1296 2316 1436 2364 vota
1472 2305 1729 2379 morariS,

2125 2355 2127 2357 .
2171 2327 2284 2385 250

223 2410 363 2483 Jam
400 2417 629 2483 torquet
664 2408 935 2482 juvenem
977 2409 1151 2484 longa
1192 2417 1251 2467 et
1290 2407 1522 2468 cervina
1562 2420 1846 2471 senectus,

228 2508 411 2571 Ocius
448 2509 814 2587 Archigenen
853 2529 1065 2587 quaere
1103 2521 1279 2587 atque
1321 2530 1450 2571 eme
1489 2515 1653 2589 quod
1694 2513 2064 2575 Mithridates

227 2610 591 2686 Composuit,
634 2611 683 2670 si
720 2611 807 2671 vis
846 2612 1019 2671 aliam
1059 2614 1370 2690 decerpere
1407 2615 1585 2673 ficum

288 2774 405 2836 229]
470 2776 579 2824 Has
610 2791 676 2824 no
713 2774 1000 2839 intelligible
1036 2776 1191 2839 place.
1244 2758 1246 2760 ¹

224 2840 276 2889 Is
294 2839 531 2889 therefore
544 2840 748 2888 omitted
761 2841 811 2887 in
824 2840 1007 2888 several
1025 2840 1197 2901 MSS.,

222 2906 312 2953 but
333 2904 375 2951 is
395 2920 425 2953 a
447 2904 536 2952 fair
555 2904 668 2963 line,
694 2911 782 2952 not
804 2904 904 2952 like
924 2919 955 2951 a
974 2903 1122 2965 gloss.

289 2979 383 3029 233
414 2968 643 3028 tautum]
694 2968 763 3017 So
795 2967 883 3026 far,
920 2983 987 3016 no
1018 2967 1204 3017 further

224 3031 307 3092 (cs.
331 3028 429 3080 xiii.
459 3031 537 3091 96,
564 3034 651 3091 n.).
1000 3034 1005 3039 “

286 3106 384 3156 234
414 3094 561 3157 adeo]
586 3095 656 3143 So
677 3094 927 3158 certainly.

271 3168 384 3270 ari-{317
420 3158 859 3220 circumscribere]
924 3156 1003 3207 To
1058 3156 1204 3208 cheat

222 3238 270 3271 w
362 3238 397 3271 s·

288 3297 397 3346 241,
420 3284 549 3346 2421
602 3286 730 3335 Bear
757 3302 823 3334 on
852 3286 935 3335 the
964 3286 1133 3344 doubt,
1160 3286 1209 3335 si

129 3384 136 3393 .
228 3350 425 3397 Graecia
445 3352 875 3411 vera.—Quorum,
903 3350 985 3399 the
1012 3356 1202 3398 antece·

222 3414 341 3461 dent
383 3413 425 3461 is
465 3414 809 3472 Thebanorum,
844 3413 971 3462 from
1014 3414 1201 3473 Thebas,

223 3490 281 3524 or
301 3476 461 3526 rather
496 3478 797 3537 Graecorum,
825 3477 950 3526 from
988 3477 1199 3535 Graecia,

226 3555 281 3589 as
327 3542 525 3589 Graecia
561 3540 603 3589 is
636 3554 818 3601 nearer,
858 3557 913 3589 as
946 3540 1203 3589 otherwise

224 3602 342 3653 such
364 3610 558 3668 strange
584 3604 756 3653 stories
783 3604 948 3653 would
976 3604 1205 3653 discredit

224 3667 435 3726 ThebeS,
455 3676 541 3716 not
563 3668 777 3725 Greece3
810 3669 908 3715 and
930 3684 983 3715 as
1005 3666 1089 3714 the
1110 3666 1201 3715 im-

223 3730 445 3795 putation
468 3731 525 3780 of
538 3747 569 3779 a
589 3737 812 3778 constant
829 3730 1039 3794 practice
1052 3729 1202 3779 based

1299 2793 1366 2824 on
1387 2793 1482 2825 one
1504 2777 1733 2837 instance,
1761 2779 1804 2825 is
1825 2791 1961 2826 more
1992 2776 2200 2827 suitable
2228 2786 2283 2827 to

1298 2856 1330 2889 a
1351 2840 1512 2890 whole
1537 2848 1739 2930 qountry
1759 2842 1878 2916 than
1901 2857 1932 2889 a
1952 2840 2106 2915 single
2129 2849 2280 2916 town.

1299 2916 1393 3081 {5¹0²
1397 2912 1618 3017 ἐἑὲοπζ
1621 2905 2082 3032 Ἰῖἑῐαῖῗέῖῖἓὲῗέ
2085 2920 2282 3028 {2251}ss

1349 3048 1388 3080 c.

1362 3093 1461 3155 248
1481 3095 1632 3155 Nota]
1666 3095 1767 3143 For
1792 3110 1916 3157 your
1944 3108 2032 3143 son
2065 3096 2154 3143 has
2175 3095 2283 3144 told
2327 3105 2340 3119 ⁹

1300 3156 1436 3207 them
1469 3174 1523 3207 as
1561 3174 1592 3207 a
1630 3158 1760 3207 basis
1806 3159 1864 3207 of
1905 3159 2284 3208 calculation—

1299 3222 1667 3281 Mathematicic,
1695 3223 1768 3271 lit.
1791 3223 1908 3271 wise
1943 3238 2071 3279 men,
2104 3224 2280 3271 almost

1300 3286 1482 3349 always
1531 3286 1653 3335 used
1695 3286 1753 3334 of
1801 3285 2118 3349 astrologers3
2157 3302 2214 3335 so
2251 3304 2282 3335 a

1302 3354 1315 3377 ⁸
1329 3350 1541 3411 cunning
1561 3348 1696 3397 man’
1721 3364 1778 3398 or
1797 3365 1990 3398 woman
2013 3351 2063 3398 in
2086 3350 2282 3399 Devon·

1301 3413 1429 3462 shire
1451 3428 1618 3461 means
1639 3428 1670 3460 a
1690 3414 1838 3461 white
1859 3413 2021 3462 witch.

1365 3488 1455 3541 251
1490 3477 1719 3537 cervina]
1753 3476 1878 3539 3456
1906 3492 2058 3539 years,
2083 3478 2279 3527 accord·

1299 3543 1387 3604 ing
1407 3549 1460 3590 to
1485 3539 1691 3589 Hesiod.

1364 3614 1460 3668 252
1480 3602 1816 3663 mhlsenen]
1851 3602 1926 3653 Cf.
1952 3603 2055 3651 xiii.
2079 3601 2158 3663 98,
2181 3619 2230 3653 n.

1364 3678 1474 3731 253,
1510 3667 1622 3729 254]
1687 3668 1854 3715 “Lest
1882 3682 1979 3730 you
2011 3666 2185 3717 should
2217 3669 2284 3717 be

1298 3731 1538 3797 poisoned
1559 3732 1612 3777 in
1634 3729 1772 3785 these
1793 3731 2022 3781 innocent
2041 3730 2208 3793 things
2222 3730 2278 3792 ;’'
